@misc{ScalaNat38:online,
author = {},
title = {Scala Native — Scala Native 0.4.5-SNAPSHOT documentation},
howpublished = {\url{https://scala-native.readthedocs.io/en/latest/}},
month = {},
year = {},
note = {(Accessed on 05/22/2022)}
}
@misc{KotlinMu12:online,
author = {},
title = {Kotlin Multiplatform | Kotlin},
howpublished = {\url{https://kotlinlang.org/docs/multiplatform.html}},
month = {},
year = {},
note = {(Accessed on 05/22/2022)}
}
@misc{Showcase57:online,
author = {},
title = {Showcase - Flutter apps in production},
howpublished = {\url{https://flutter.dev/showcase}},
month = {},
year = {},
note = {(Accessed on 05/22/2022)}
}

@misc{ReactNat54:online,
author = {},
title = {React Native · Learn once, write anywhere},
howpublished = {\url{https://reactnative.dev/}},
month = {},
year = {},
note = {(Accessed on 05/22/2022)}
}

@misc{Scalajs34:online,
author = {},
title = {Scala.js},
howpublished = {\url{https://www.scala-js.org/}},
month = {},
year = {},
note = {(Accessed on 05/22/2022)}
}

@article{https://doi.org/10.5075/epfl-thesis-8733,
  doi = {10.5075/EPFL-THESIS-8733},
  url = {http://infoscience.epfl.ch/record/256862},
  author = {Doeraene,  Sébastien Jean R},
  language = {en},
  title = {Cross-Platform Language Design},
  publisher = {Lausanne,  EPFL},
  year = {2018}
}

@article{schranz2020swarm,
  title={Swarm robotic behaviors and current applications},
  author={Schranz, Melanie and Umlauft, Martina and Sende, Micha and Elmenreich, Wilfried},
  journal={Frontiers in Robotics and AI},
  volume={7},
  pages={36},
  year={2020},
  publisher={Frontiers Media SA}
}

@article{varenne2015programming,
  title={Programming the emergence in morphogenetically architected complex systems},
  author={Varenne, Franck and Chaigneau, Pierre and Petitot, Jean and Doursat, Ren{\'e}},
  journal={Acta biotheoretica},
  volume={63},
  pages={295--308},
  year={2015},
  publisher={Springer}
}

@article{Mone2013,
  doi = {10.1145/2428556.2428562},
  url = {https://doi.org/10.1145/2428556.2428562},
  year = {2013},
  month = mar,
  publisher = {Association for Computing Machinery ({ACM})},
  volume = {56},
  number = {3},
  pages = {16--17},
  author = {Gregory Mone},
  title = {Rise of the swarm},
  journal = {Communications of the {ACM}}
}